@ONLINE{segway,
    title = {Segway},
    month = march,
    year = {2014},
    url = {http://www.segway.com/}
}

@ONLINE{wseg,
    author = "Wikipedia",
    title = {Segway},
    month = march,
    year = {2014},
    url = {https://en.wikipedia.org/wiki/Segway_PT}
}

@ONLINE{nxc,
    title = {NXC Documentation},
    month = march,
    year = {2014},
    url = {http://bricxcc.sourceforge.net/nbc/nxcdoc/index.html}
}

@ONLINE{wloop,
    author = "Wikipedia",
    title = {Controll theory},
    month = march,
    year = {2014},
    url = {https://en.wikipedia.org/wiki/Control_theory#Classical_control_theory}
}

@ONLINE{pid,
    title = {Sensors and Sensing},
    month = march,
    year = {2014},
    url = {http://bricxcc.sourceforge.net/nbc/nxcdoc/index.html}
}

@ONLINE{lt,
    author = "Wolfram",
    title = {Laplace Transform},
    month = march,
    year = {2014},
    url = {http://mathworld.wolfram.com/LaplaceTransform.html}
}

@ONLINE{zt,
    author = "Wolfram",
    title = {Z-Transform},
    month = march,
    year = {2014},
    url = {http://mathworld.wolfram.com/Z-Transform.html}
}

@book{tar,
    author    = "Huba, M. and Hubinský, P. and Žáková, K.",
    title     = "Teória automatického riadenia",
    publisher = "Vydavateľstvo STU",
    address   = "Bratislava"
    %volume   = "1",
    year      = "2008"
}

