@ONLINE{segway,
    title = {Segway},
    month = march,
    year = {2014},
    url = {http://www.segway.com/}
}

@ONLINE{swiki,
    title = {Segway - wiki},
    month = march,
    year = {2014},
    url = {https://en.wikipedia.org/wiki/Segway_PT}
}

@ONLINE{nxc,
    title = {NXC Documentation},
    month = march,
    year = {2014},
    url = {http://bricxcc.sourceforge.net/nbc/nxcdoc/index.html}
}


